@misc{ILINet,
author = {Centers for Disease Control and Prevention},
title = {National, Regional, and State Level Outpatient Illness and Viral Surveillance},
url = {https://gis.cdc.gov/grasp/fluview/fluportaldashboard.html},
year = {2013},
}

@article{Kass-Hout:2012,
author = {Kass-Hout, Taha A and Xu, Zhiheng and McMurray, Paul and Park, Soyoun and Buckeridge, David L and Brownstein, John S and Finelli, Lyn and Groseclose, Samuel L},
title = {Application of change point analysis to daily influenza-like illness emergency department visits},
journal = {Journal of the American Medical Informatics Association},
volume = {19},
number = {6},
pages = {1075--1081},
year = {2012},
doi = {10.1136/amiajnl-2011-000793},
}

@article{Dong:2020,
author = {Dong, Ensheng and Du, Hongru and Gardner, Lauren},
title = {An interactive web-based dashboard to track {COVID}-19 in real time},
journal = {The Lancet Infectious Diseases},
year = {2020},
volume = {20},
number = {5},
pages = {533--534},
doi = {10.1016/S1473-3099(20)30120-1}
}

@article{Kreuter:2020,
journal = {Survey Research Methods},
author = {Kreuter, Frauke and Barkay, Neta and Bilinski, Alyssa and Bradford, Adrianne and Chiu, Samantha and Eliat, Roee and Fan, Junchuan and Galili, Tal and Haimovich, Daniel and Kim, Brian and LaRocca, Sarah and Li, Yao and Morris, Katherine and Presser, Stanley and Sarig, Tal and Salomon, Joshua A and Stewart, Kathleen and Stuart, Elizabeth A and Tibshirani, Ryan J},
title = {Partnering with a global platform to inform research and public policy making},
year = {2020},
volume = {14},
number = {2},
pages = {159--163},
doi = {10.18148/srm/2020.v14i2.7761}
}

@misc{CovidcastR,
title = {{covidcast: R Client for Delphi's COVIDcast Epidata API}},
author = {{Delphi Research Group}},
year = {2020},
url = {https://cmu-delphi.github.io/covidcast/covidcastR},
howpublished = {\url{https://cmu-delphi.github.io/covidcast/covidcastR}}
}

@misc{CovidcastPy,
title = {{COVIDcast Python API client}},
author = {{Delphi Research Group}},
year = {2020},
url = {https://cmu-delphi.github.io/covidcast/covidcast-py/html/},
howpublished = {\url{https://cmu-delphi.github.io/covidcast/covidcast-py/html/}}
}

@misc{CovidcastAPI,
title = {{COVIDcast Epidata API}},
author = {{Delphi Research Group}},
year = {2020},
url = {https://cmu-delphi.github.io/delphi-epidata/api/covidcast.html},
howpublished = {\url{https://cmu-delphi.github.io/delphi-epidata/api/covidcast.html}}
}

@misc{CovidcastViz,
title = {{Welcome to COVIDcast}},
author = {{Delphi Research Group}},
year = {2020},
url = {https://delphi.cmu.edu/covidcast/},
howpublished = {\url{https://delphi.cmu.edu/covidcast/}}
}

@misc{DelphiSurvey,
author = {{Delphi Research Group}},
year = {2020},
title = {{COVID} Symptom Survey},
url = {https://cmu-delphi.github.io/delphi-epidata/symptom-survey/},
howpublished = {\url{https://cmu-delphi.github.io/delphi-epidata/symptom-survey/}}
}

@misc{USAFacts,
title = {{US COVID}-19 cases and deaths by state},
author = {USAFacts},
year = {2020},
url = {https://usafacts.org/visualizations/coronavirus-covid-19-spread-map/},
howpublished = {\url{https://usafacts.org/visualizations/coronavirus-covid-19-spread-map/}}
}

@misc{NYTimes,
title = {Coronavirus in the {U.S.}: Latest Map and Case Count},
author = {New York Times},
year = {2020},
url = {https://www.nytimes.com/interactive/2021/us/covid-cases.html},
howpublished = {\url{https://www.nytimes.com/interactive/2021/us/covid-cases.html}}
}

@misc{GoogleSymptoms,
title = {{COVID}-19 Search Trends symptoms dataset},
author = {Google},
year = {2020},
url = {http://goo.gle/covid19symptomdataset},
howpublished = {\url{http://goo.gle/covid19symptomdataset}},
}

@misc{SafeGraphSocial,
title = {Social Distancing Metrics},
author = {SafeGraph},
year = {2020},
url = {https://docs.safegraph.com/docs/social-distancing-metrics},
howpublished = {\url{https://docs.safegraph.com/docs/social-distancing-metrics}},
}

@misc{SafeGraphPatterns,
title = {Weekly Patterns},
author = {SafeGraph},
year = {2020},
url = {https://docs.safegraph.com/docs/weekly-patterns},
howpublished = {\url{https://docs.safegraph.com/docs/weekly-patterns}}
}

@misc{CovidActNow,
title = {{COVID} Risk \& Vaccine Tracker},
author = {{COVID Act Now}},
year = {2020},
url = {https://covidactnow.org},
howpublished = {\url{https://covidactnow.org}}
}

@misc{CovidExitStrategy,
title = {Tracking Our {COVID}-19 Response},
author = {{COVID Exit Strategy}},
year = {2020},
url = {https://www.covidexitstrategy.org},
howpublished = {\url{https://www.covidexitstrategy.org}}
}

@misc{IHMEProj,
title = {{COVID}-19 Projections},
author = {{Institute for Health Metrics and Evaluation}},
url = {https://covid19.healthdata.org},
howpublished = {\url{https://covid19.healthdata.org}},
year = {2021},
}

@article{Brooks:2018,
title = {Nonmechanistic forecasts of seasonal influenza with iterative one-week-ahead distributions},
author = {Brooks, Logan C and Farrow, David C and Hyun, Sangwon and Tibshirani, Ryan J and Rosenfeld, Roni},
journal = {PLOS Computational Biology},
year = {2018},
volume = {14},
number = {6},
pages = {e1006134},
doi = {10.1371/journal.pcbi.1006134}
}

@phdthesis{Brooks:2020,
title = {Pancasting: forecasting epidemics from provisional data},
author = {Brooks, Logan C},
school = {Carnegie Mellon University},
year = {2020},
url = {http://reports-archive.adm.cs.cmu.edu/anon/2020/abstracts/20-100.html}
}

@article{Reich:2019,
title = {A collaborative multiyear, multimodel assessment of seasonal influenza forecasting in the {U}nited {S}tates},
author = {Reich, Nicholas G and Brooks, Logan C and Fox, Spencer J and Kandula, Sasikiran and McGowan, Craig J and Moore, Evan and Osthus, Dave and Ray, Evan L and Tushar, Abhinav and Yamana, Teresa K and Biggerstaff, Matthew and Johansson, Michael A and Rosenfeld, Roni and Shaman, Jeffrey},
journal = {Proceedings of the National Academies of Sciences},
year = {2019},
volume = {116},
number = {8},
pages = {3146--3154},
doi = {10.1073/pnas.1812594116}
}

@phdthesis{Farrow:2016,
title = {Modeling the Past, Present, and Future of Influenza},
author = {Farrow, David C},
school = {Carnegie Mellon University},
year = {2016},
url = {http://reports-archive.adm.cs.cmu.edu/anon/cbd/abstracts/16-101.html}
}

@article{Ahmad:2020,
title = {Increased Internet Search Interest for {GI} Symptoms May Predict {COVID-19} Cases in {US} Hotspots},
author = {Imama Ahmad and Ryan Flanagan and Kyle Staller},
journal = {Clinical Gastroenterology and Hepatology},
volume = {18},
number = {12},
pages = {2833--2834.e3},
year = {2020},
}

@article{Kogan:2021,
title = {An early warning approach to monitor {COVID}-19 activity with multiple digital traces in near real time},
author = {Kogan, Nicole E and Clemente, Leonardo and Liautaud, Parker and Kaashoek, Justin and Link, Nicholas B and Nguyen, Andre T and Lu, Fred S and Huybers, Peter and Resch, Bernd and Havas, Clemens and Petutschnig, Andreas and Davis, Jessica and Chinazzi, Matteo and Mustafa, Backtosch and Hanage, William P and Vespignani, Alessandro and Santillana, Mauricio},
journal = {Science Advances},
year = {2021},
volume = {7},
number = {10},
pages = {eabd6989},
doi = {10.1126/sciadv.abd6989}
}

@article{Santillana:2015,
title = {Combining Search, Social Media, and Traditional Data Sources to Improve Influenza Surveillance},
author = {Santillana, Mauricio and Nguyen, Andr{\'e} T and Dredze, Mark and Paul, Michael J and Nsoesie, Elaine O and Brownstein, John S},
journal = {PLOS Computational Biology},
year = {2015},
volume = {11},
number = {10},
pages = {e1004513},
doi = {10.1371/journal.pcbi.1004513}
}

@book{Kass-Hout:2011,
title = {Biosurveillance: Methods and Case Studies},
author = {Kass-Hout, Taha A and Zhang, Xiaohui},
year = {2011},
publisher = {CRC Press}
}

@article{Kass-Hout:2013,
author = {Kass-Hout, Taha A and Alhinnawi, Hend},
title = {Social media in public health},
journal = {British Medical Bulletin},
volume = {108},
number = {1},
pages = {5--24},
year = {2013},
doi = {10.1093/bmb/ldt028},
}

@article{Salathe:2012,
author = {Salath{\'e}, Marcel and Bengtsson, Linus and Bodnar, Todd J and Brewer, Devon D and Brownstein, John S and Buckee, Caroline and Campbell, Ellsworth M and Cattuto, Ciro and Khandelwal, Shashank and Mabry, Patricia L and Vespignani, Alessandro},
journal = {PLOS Computational Biology},
title = {Digital Epidemiology},
year = {2012},
volume = {8},
pages = {1--3},
number = {7},
doi = {10.1371/journal.pcbi.1002616}
}

@article{Browstein:2009,
author = {John S Brownstein and Clark C Freifeld and Lawrence C Madoff},
title = {Digital Disease Detection --- Harnessing the Web for Public Health Surveillance},
journal = {New England Journal of Medicine},
volume = {360},
number = {21},
pages = {2153--2157},
year = {2009},
doi = {10.1056/NEJMp0900702},
}

@inproceedings{Rodriguez:2021,
author = {Rodr√≠guez, Alexander and Tabassum, Anik and Cui, Jiaming and Xie, Jiajia and Ho, Javen and Agarwal, Pulak and Adhikari, Bijaya and Prakash, B Aditya},
title = {Deep{COVID}: An Operational Deep Learning-driven Framework for Explainable Real-time {COVID}-19 Forecasting},
year = {2021},
volume = {35},
number = {17},
pages = {15393--15400},
booktitle = {Proceedings of the AAAI Conference on Artificial Intelligence}
}

@misc{Adjodah:2021,
author = {Adjodah, Dhaval and Dinakar, Karthik and Chinazzi, Matteo and Fraiberger, Samuel P and Pentland, Alex and Bates, Samantha and Staller, Kyle and Vespignani, Alessandro and Bhatt, Deepak L},
title = {Association between {COVID}-19 Outcomes and Mask Mandates, Adherence, and Attitudes},
year = {2021},
doi = {10.1101/2021.01.19.21250132}
}

@unpublished{Pierri:2021,
author = {Pierri, Francesco and Perry, Brea and DeVerna, Matthew R and Yang, Kai-Cheng and Flammini, Alessandro and Menczer, Filippo and Bryden, John},
title = {The impact of online misinformation on {U.S.} {COVID}-19 vaccinations},
year = {2021},
url = {https://arxiv.org/abs/2104.10635},
note = {arXiv: 2104.10635},
}

@misc{Jewell:2021,
author = {Jewell, Sean and Futoma, Joseph and Hannah, Lauren and Miller, Andrew C and Foti, Nicholas J and Fox, Emily B},
title = {It's complicated: characterizing the time-varying relationship between cell phone mobility and {COVID}-19 spread in the {US}},
year = {2021},
doi = {10.1101/2021.04.24.21255827}
}

@misc{Chakrabarti:2020,
author = {Chakrabarti, Rajashri and Meyerson, Lindsay and Nober, William and Pinkovskiy, Maxim},
title = {The {A}ffordable {C}are {A}ct and the {COVID}-19 Pandemic: A Regression Discontinuity Analysis},
year = {2020},
doi = {10.2139/ssrn.3733129}
}

@article{ArvisaisAnhalt:2021,
author = {Arvisais-Anhalt, Simone and Lehmann, Christoph U and Park, Jason Y and Araj, Ellen and Holcomb, Michael and Jamieson, Andrew R and McDonald, Samuel and Medford, Richard J and Perl, Trish M and Toomay, Seth M and Hughes, Amy E and McPheeters, Melissa L and Basit, Mujeeb},
title = {What the Coronavirus Disease 2019 ({COVID}-19) Pandemic Has Reinforced: The Need for Accurate Data},
journal = {Clinical Infectious Diseases},
volume = {72},
number = {6},
pages = {920--923},
year = {2021},
month = {11},
issn = {1058-4838},
doi = {10.1093/cid/ciaa1686}
}

@misc{Schechtman:2021,
author = {Schechtman, Kara W},
title = {Federal Testing Data's Last Mile},
year = {2021},
url = {https://covidtracking.com/analysis-updates/federal-testing-datas-last-mile},
howpublished = {COVID Tracking Project, \url{https://covidtracking.com/analysis-updates/federal-testing-datas-last-mile}}
}

@misc{Simon:2021,
author = {Simon, Sara},
title = {Inconsistent Reporting Practices Hampered Our Ability to Analyze {COVID}-19 Data. {H}ere Are Three Common Problems We Identified},
year = {2021},
url = {https://covidtracking.com/analysis-updates/three-covid-19-data-problems},
howpublished = {COVID Tracking Project, \url{https://covidtracking.com/analysis-updates/three-covid-19-data-problems}}
}

@misc{Palacios:2021,
author = {Palacios, Joey},
title = {'{I}t's Frustrating': {B}exar {C}ounty Adds 5,000 {COVID}-19 Cases From Backlog As {T}exas Disagrees On Data},
year = {2020},
howpublished = {Texas Public Radio, \url{https://www.tpr.org/news/2020-07-16/its-frustrating-bexar-county-adds-5-000-covid-19-cases-from-backlog-as-texas-disagrees-on-data}},
url = {https://www.tpr.org/news/2020-07-16/its-frustrating-bexar-county-adds-5-000-covid-19-cases-from-backlog-as-texas-disagrees-on-data}
}

@article{Nouvellet:2021,
author = {Nouvellet, Pierre and Bhatia, Sangeeta and Cori, Anne and Ainslie, Kylie E. C. and Baguelin, Marc and Bhatt, Samir and Boonyasiri, Adhiratha and Brazeau, Nicholas F. and Cattarino, Lorenzo and Cooper, Laura V. and Coupland, Helen and Cucunuba, Zulma M. and Cuomo-Dannenburg, Gina and Dighe, Amy and Djaafara, Bimandra A. and Dorigatti, Ilaria and Eales, Oliver D. and van Elsland, Sabine L. and Nascimento, Fabricia F. and FitzJohn, Richard G. and Gaythorpe, Katy A. M. and Geidelberg, Lily and Green, William D. and Hamlet, Arran and Hauck, Katharina and Hinsley, Wes and Imai, Natsuko and Jeffrey, Benjamin and Knock, Edward and Laydon, Daniel J. and Lees, John A. and Mangal, Tara and Mellan, Thomas A. and Nedjati-Gilani, Gemma and Parag, Kris V. and Pons-Salort, Margarita and Ragonnet-Cronin, Manon and Riley, Steven and Unwin, H. Juliette T. and Verity, Robert and Vollmer, Michaela A. C. and Volz, Erik and Walker, Patrick G. T. and Walters, Caroline E. and Wang, Haowei and Watson, Oliver J. and Whittaker, Charles and Whittles, Lilith K. and Xi, Xiaoyue and Ferguson, Neil M. and Donnelly, Christl A.},
journal = {Nature Communications},
number = {1},
pages = {1090},
title = {Reduction in mobility and {COVID}-19 transmission},
volume = {12},
year = {2021},
doi = {10.1038/s41467-021-21358-2}}

@article{Bonaccorsi:2020,
author = {Bonaccorsi, Giovanni and Pierri, Francesco and Cinelli, Matteo and Flori, Andrea and Galeazzi, Alessandro and Porcelli, Francesco and Schmidt, Ana Lucia and Valensise, Carlo Michele and Scala, Antonio and Quattrociocchi, Walter and Pammolli, Fabio},
journal = {Proceedings of the National Academy of Sciences},
number = {27},
pages = {15530--15535},
title = {Economic and social consequences of human mobility restrictions under {COVID}-19},
volume = {117},
year = {2020},
doi = {10.1073/pnas.2007658117}}

% TODO This is not really volume 1, but pnas-new.bst has a bug and fails to render article entries that have no volume, number, or pages, such as online-first articles not yet assigned to an issue
@article{Doerr:2021,
author = {Doerr, Alexa J},
title = {Locked (Down) and Loaded (Language): {E}ffect of Policy and Speech on {COVID}-19 Outcomes},
journal = {Journal of Leadership \& Organizational Studies},
year = {2021},
doi = {10.1177/15480518211012404},
volume = {1}
}

@misc{EvalcastR,
title = {{evalcast: TODO}},
author = {{Delphi Research Group}},
year = {2020},
url = {https://cmu-delphi.github.io/covidcast/evalcastR},
howpublished = {\url{https://cmu-delphi.github.io/covidcast/evalcastR}}
}

@book{Hyndman:2018,
title={Forecasting: Principles and Practice},
author={Hyndman, Rob J and Athanasopoulos, George},
year={2018},
publisher={OTexts}
}

@misc{ForecastHub,
title = {{The COVID-19 Forecast Hub}},
author = {{Reich Lab}},
url = {https://covid19forecasthub.org},
howpublished = {\url{https://covid19forecasthub.org}},
year = {2020},
}

@unpublished{Cramer:2021,
author = {Cramer, Estee Y and Ray, Evan L and Lopez, Velma K and Bracher, Johannes and Brennen, Andrea and Rivadeneira, Alvaro J Castro and Gerding, Aaron and Gneiting, Tilmann and House, Katie H and Huang, Yuxin and Jayawardena, Dasuni and Kanji, Abdul H and Khandelwal, Ayush and Le, Khoa and M{\"u}hlemann, Anja and Niemi, Jarad and Shah, Apurv and Stark, Ariane and Wang, Yijin and Wattanachit, Nutcha and Zorn, Martha W and Gu, Youyang and Jain, Sansiddh and Bannur, Nayana and Deva, Ayush and Kulkarni, Mihir and Merugu, Srujana and Raval, Alpan and Shingi, Siddhant and Tiwari, Avtansh and White, Jerome and Woody, Spencer and Dahan, Maytal and Fox, Spencer and Gaither, Kelly and Lachmann, Michael and Meyers, Lauren Ancel and Scott, James G and Tec, Mauricio and Srivastava, Ajitesh and George, Glover E and Cegan, Jeffrey C and Dettwiller, Ian D and England, William P and Farthing, Matthew W and Hunter, Robert H and Lafferty, Brandon and Linkov, Igor and Mayo, Michael L and Parno, Matthew D and Rowland, Michael A and Trump, Benjamin D and Corsetti, Sabrina M and Baer, Thomas M and Eisenberg, Marisa C and Falb, Karl and Huang, Yitao and Martin, Emily T and McCauley, Ella and Myers, Robert L and Schwarz, Tom and Sheldon, Daniel and Gibson, Graham Casey and Yu, Rose and Gao, Liyao and Ma, Yian and Wu, Dongxia and Yan, Xifeng and Jin, Xiaoyong and Wang, Yu-Xiang and Chen, YangQuan and Guo, Lihong and Zhao, Yanting and Gu, Quanquan and Chen, Jinghui and Wang, Lingxiao and Xu, Pan and Zhang, Weitong and Zou, Difan and Biegel, Hannah and Lega, Joceline and Snyder, Timothy L and Wilson, Davison D and McConnell, Steve and Walraven, Robert and Shi, Yunfeng and Ban, Xuegang and Hong, Qi-Jun and Kong, Stanley and Turtle, James A and Ben-Nun, Michal and Riley, Pete and Riley, Steven and Koyluoglu, Ugur and DesRoches, David and Hamory, Bruce and Kyriakides, Christina and Leis, Helen and Milliken, John and Moloney, Michael and Morgan, James and Ozcan, Gokce and Schrader, Chris and Shakhnovich, Elizabeth and Siegel, Daniel and Spatz, Ryan and Stiefeling, Chris and Wilkinson, Barrie and Wong, Alexander and Gao, Zhifeng and Bian, Jiang and Cao, Wei and Ferres, Juan Lavista and Li, Chaozhuo and Liu, Tie-Yan and Xie, Xing and Zhang, Shun and Zheng, Shun and Vespignani, Alessandro and Chinazzi, Matteo and Davis, Jessica T and Mu, Kunpeng and Piontti, Ana Pastore y and Xiong, Xinyue and Zheng, Andrew and Baek, Jackie and Farias, Vivek and Georgescu, Andreea and Levi, Retsef and Sinha, Deeksha and Wilde, Joshua and Penna, Nicolas D and Celi, Leo A and Sundar, Saketh and Cavany, Sean and Espa{\~n}a, Guido and Moore, Sean and Oidtman, Rachel and Perkins, Alex and Osthus, Dave and Castro, Lauren and Fairchild, Geoffrey and Michaud, Isaac and Karlen, Dean and Lee, Elizabeth C and Dent, Juan and Grantz, Kyra H and Kaminsky, Joshua and Kaminsky, Kathryn and Keegan, Lindsay T and Lauer, Stephen A and Lemaitre, Joseph C and Lessler, Justin and Meredith, Hannah R and Perez-Saez, Javier and Shah, Sam and Smith, Claire P and Truelove, Shaun A and Wills, Josh and Kinsey, Matt and Obrecht, RF and Tallaksen, Katharine and Burant, John C and Wang, Lily and Gao, Lei and Gu, Zhiling and Kim, Myungjin and Li, Xinyi and Wang, Guannan and Wang, Yueying and Yu, Shan and Reiner, Robert C and Barber, Ryan and Gaikedu, Emmanuela and Hay, Simon and Lim, Steve and Murray, Chris and Pigott, David and Prakash, B Aditya and Adhikari, Bijaya and Cui, Jiaming and Rodr{\'\i}guez, Alexander and Tabassum, Anika and Xie, Jiajia and Keskinocak, Pinar and Asplund, John and Baxter, Arden and Oruc, Buse Eylul and Serban, Nicoleta and Arik, Sercan O and Dusenberry, Mike and Epshteyn, Arkady and Kanal, Elli and Le, Long T and Li, Chun-Liang and Pfister, Tomas and Sava, Dario and Sinha, Rajarishi and Tsai, Thomas and Yoder, Nate and Yoon, Jinsung and Zhang, Leyou and Abbott, Sam and Bosse, Nikos I and Funk, Sebastian and Hellewel, Joel and Meakin, Sophie R and Munday, James D and Sherratt, Katherine and Zhou, Mingyuan and Kalantari, Rahi and Yamana, Teresa K and Pei, Sen and Shaman, Jeffrey and Ayer, Turgay and Adee, Madeline and Chhatwal, Jagpreet and Dalgic, Ozden O and Ladd, Mary A and Linas, Benjamin P and Mueller, Peter and Xiao, Jade and Li, Michael L and Bertsimas, Dimitris and Lami, Omar Skali and Soni, Saksham and Bouardi, Hamza Tazi and Wang, Yuanjia and Wang, Qinxia and Xie, Shanghong and Zeng, Donglin and Green, Alden and Bien, Jacob and Hu, Addison J and Jahja, Maria and Narasimhan, Balasubramanian and Rajanala, Samyak and Rumack, Aaron and Simon, Noah and Tibshirani, Ryan J and Tibshirani, Rob and Ventura, Valerie and Wasserman, Larry and O{'}Dea, Eamon B and Drake, John M and Pagano, Robert and Walker, Jo W and Slayton, Rachel B and Johansson, Michael and Biggerstaff, Matthew and Reich, Nicholas G},
note = {medRxiv},
doi = {10.1101/2021.02.03.21250974}, 
title = {Evaluation of individual and ensemble probabilistic forecasts of {COVID}-19 mortality in the {US}},
year = {2021}
}

@article{Vaira:2020,
title={Anosmia and ageusia: common findings in {COVID-19} patients},
author={Vaira, Luigi A and Salzano, Giovanni and Deiana, Giovanna and De Riu, Giacomo},
journal={The Laryngoscope},
year={2020},
volume={130},
issue={7},
pages = {1787},
}

@article{Klopfen:2020,
author = {Klopfenstein, T. and Kadiane-Oussou, N.J. and Toko, L. and Royer, P.-Y. and Lepiller, Q. and Gendrin, V. and Zayet, S.},
journal = {M{\'e}decine et Maladies Infectieuses},
number = {5},
pages = {436--439},
title = {Features of anosmia in {COVID-19}},
volume = {50},
year = {2020},
}

@book{DartmouthHRR,
author={John E. Wennberg and Megan McAndrew Cooper},
title={The Dartmouth Atlas of Health Care in the United States},
address={Chicago},
publisher={American Hospital Publishing},
year={1998}
}

@article{Koenker:1978,
author={Koenker, Roger and Bassett, Gilbert},
journal={Econometrica},
number={1},
pages={33--50},
title={Regression Quantiles},
volume={46},
year={1978}
}

@book{Koenker:2005,
author={Roger Koenker},
title={Quantile Regression},
publisher={Cambridge University Press},
year={2005},
}

@article{Koenker:2006,
author={Koenker, Roger and Xiao, Zhijie},
journal={Journal of the American Statistical Association},
number={475},
pages={980--990},
title={Quantile Autoregression},
volume={101},
year={2006}
}

@misc{Tibshirani:2020,
author={Ryan J. Tibshirani},
title={quantgen: Tools for generalized quantile modeling},
url={https://github.com/ryantibs/quantgen},
howpublished={\url{https://github.com/ryantibs/quantgen}},
year={2020},
}

@article{Gneiting:2007,
author = {Gneiting, Tilmann and Raftery, Adrian E},
journal = {Journal of the American Statistical Association},
number = {477},
pages = {359--378},
title = {Strictly Proper Scoring Rules, Prediction, and Estimation},
volume = {102},
year = {2007}
}

@article{Bracher:2021,
author = {Bracher, Johannes and Ray, Evan L. and Gneiting, Tilmann and Reich, Nicholas G},
journal = {PLOS Computational Biology},
title = {Evaluating epidemic forecasts in an interval format},
year = {2021},
volume = {17},
pages = {1--15},
number = {2},
doi = {10.1371/journal.pcbi.1008618},
}

@unpublished{Bavadekar:2020,
author = {Shailesh Bavadekar and  Andrew Dai and  John Davis and  Damien Desfontaines and  Ilya Eckstein and  Katie
Everett and  Alex Fabrikant and  Gerardo Flores and  Evgeniy Gabrilovich and  Krishna Gadepalli and  Shane Glass and  Rayman Huang and  Chaitanya Kamath and  Dennis Kraft and  Akim Kumok and  Hinali Marfatia and  Yael Mayer and  Benjamin Miller and  Adam Pearce and  Irippuge Milinda Perera and  Venky Ramachandran and  Karthik Raman and  Thomas Roessler and  Izhak Shafran and  Tomer Shekel and  Charlotte Stanton and  Jacob Stimes and  Mimi Sun and  Gregory Wellenius and  and Masrour Zoghi},
title = {Google {COVID}-19 Search Trends Symptoms Dataset: Anonymization Process Description},
url = {https://arxiv.org/pdf/2009.01265.pdf},
note = {arXiv: 2009.01265},
year = {2020},
}
    
@article{Granger:1969,
author={C. W. J. Granger},
journal={Econometrica},
number={3},
pages={424--438},
title={Investigating Causal Relations by Econometric Models and Cross-spectral Methods},
volume={37},
year={1969}
}

@article{Diebold:2002,
title={Comparing predictive accuracy},
author={Diebold, Francis X and Mariano, Robert S},
journal={Journal of Business \& Economic statistics},
volume={20},
number={1},
pages={134--144},
year={2002}
}

@article{McCraken:2007,
title={Asymptotics for out of sample tests of {G}ranger causality},
author={McCracken, Michael W},
journal={Journal of Econometrics},
volume={140},
number={2},
pages={719--752},
year={2007}
}

@article{Diebold:2015,
title={Comparing predictive accuracy, twenty years later: A personal perspective on the use and abuse of Diebold--Mariano tests},
author={Diebold, Francis X},
journal={Journal of Business \& Economic Statistics},
volume={33},
number={1},
pages={1--24},
year={2015}
}

@article{Stokes:2017,
author={Stokes, Patrick A. and Purdon, Patrick L.},
title={A study of problems encountered in {G}ranger causality analysis from a neuroscience perspective},
volume={114},
number={34},
pages={E7063--E7072},
year={2017},
journal={Proceedings of the National Academy of Sciences}
}

@article{Lei:2018,
author={Jing Lei and Max G'Sell and Alessandro Rinaldo and Ryan J. Tibshirani and Larry Wasserman},
title={Distribution-Free Predictive Inference for Regression},
journal={Journal of the American Statistical Association},
volume={113},
number={523},
pages={1094--1111},
year={2018},
}

@article{Rinaldo:2019,
author={Alessandro Rinaldo and Ryan J. Tibshirani and Larry Wasserman},
title={Comment: Statistical Inference from a Predictive Perspective},
journal={Statistical Science},
volume={34},
number={4},
pages={599--603},
year={2019},
}

@unpublished{Williamsom:2020,
title={A unified approach for inference on algorithm-agnostic variable importance},
author={Williamson, Brian D and Gilbert, Peter B and Simon, Noah R and Carone, Marco},
journal={arXiv: 2004.03683},
year={2020}
}

@unpublished{Zhang:2020,
title={Floodgate: inference for model-free variable importance},
author={Zhang, Lu and Janson, Lucas},
note={arXiv: 2007.01283},
year={2020}
}

@unpublished{Dai:2021,
title={Significance tests of feature relevance for a blackbox learner},
author={Dai, Ben and Shen, Xiaotong and Pan, Wei},
note={arXiv: 2103.04985},
year={2021}
}

@unpublished{Fryer:2021,
title={Shapley values for feature selection: the good, the bad, and the axioms},
author={Fryer, Daniel and Str{\"u}mke, Inga and Nguyen, Hien},
note={arXiv: 2102.10936},
year={2021}
}

@misc{NCHS,
author = {{National Center for Health Statistics}},
title = {Provisional Death Counts for Coronavirus Disease 2019 ({COVID}-19)},
year = {2021},
howpublished = {\url{https://www.cdc.gov/nchs/nvss/vsrr/COVID19/index.htm}}
}

@unpublished{Kamarthi:2021,
title = {{Back2Future}: Leveraging Backfill Dynamics for Improving Real-time Predictions in Future},
author = {Kamarthi, Harshavardhan and Rodr√≠guez, Alexander and Prakash, B. Aditya},
year = {2021},
note = {arXiv: 2106.04420}
}
